% Encoding: ISO8859_1

@book{Manning2008,
    author = {Manning, Christopher D. and Raghavan,
        Prabhakar and Sch\"{u}tze, Hinrich},
        title = {Introduction to Information Retrieval},
        year = {2008},
        isbn = {0521865719, 9780521865715},
        publisher = {Cambridge University Press},
        address = {New York, NY, USA},
} 

@ARTICLE{Wong1999, 
    author={Pak Chung Wong}, 
    journal={Computer Graphics and Applications, IEEE}, 
    title={Visual data mining}, 
    year={1999}, 
    volume={19}, 
    number={5}, 
    pages={20-21}, 
    doi={10.1109/MCG.1999.788794}, 
    ISSN={0272-1716},
}

@book{Strang2003,
    title={Introduction to Linear Algebra},
    author={Strang, G.},
    isbn={9780961408893},
    url={http://books.google.com.br/books?id=Gv4pCVyoUVYC},
    year={2003},
    publisher={Wellesley-Cambridge Press}
}

@ARTICLE{Paulovich2008, 
    author={Paulovich, F.V. and Nonato, L.G. and Minghim, R.
        and Levkowitz, H.}, 
    journal={Visualization and Computer Graphics, IEEE
        Transactions on}, 
    title={Least Square Projection: A Fast High-Precision
        Multidimensional Projection Technique and Its
            Application to Document Mapping}, 
    year={2008}, 
    volume={14}, 
    number={3}, 
    pages={564-575}, 
    doi={10.1109/TVCG.2007.70443}, 
    ISSN={1077-2626},
}

@ARTICLE{Paulovich2008a, 
    author={Paulovich, F.V. and Minghim, R.}, 
    journal={Visualization and Computer Graphics, IEEE
        Transactions on}, 
    title={HiPP: A Novel Hierarchical Point Placement
        Strategy and its Application to the Exploration
            of Document Collections}, 
    year={2008}, 
    volume={14}, 
    number={6}, 
    pages={1229-1236}, 
    doi={10.1109/TVCG.2008.138}, 
    ISSN={1077-2626},
}

@article{Kalman1996,
    author = {Kalman, Dan},
    doi = {10.2307/2687269},
    issn = {07468342},
    journal = {The College Mathematics Journal},
    keywords = {svd},
    number = {1},
    pages =  {2--23},
    publisher = {Mathematical Association of America},
    title =  {A Singularly Valuable Decomposition: The
            SVD of a Matrix},
    url = {http://dx.doi.org/10.2307/2687269},
    volume = {27}, 
    year = {1996},
}

@INPROCEEDINGS{Shlens2005,
    author = {Jonathon Shlens},
    title = {A tutorial on Principal Component Analysis},
    booktitle = {Systems Neurobiology Laboratory, Salk
        Institute for Biological Studies},
    year = {2005}
}


@article{Rand1971, 
    title = {Objective Criteria for the Evaluation of
        Clustering Methods}, 
    author = {Rand, William
            M.}, 
    journal = {Journal of the American
                Statistical Association},
    volume = {66}, 
    number ={336}, 
    pages =  {pp.  846-850}, 
    url = {http://www.jstor.org/stable/2284239}, 
    ISSN = {01621459},             
    year = {1971}, 
    publisher = {American Statistical Association}, 
    copyright = {Copyright © 1971 American Statistical Association},
}

@article{Rousseeuw1987,
    author = {Rousseeuw, Peter},
    title = {Silhouettes: a graphical aid to the
        interpretation and validation of cluster
            analysis},
    journal = {J. Comput. Appl. Math.},
    issue_date = {Nov. 1987},
    volume = {20},
    number = {1},
    month = nov,
    year = {1987},
    issn = {0377-0427},
    pages = {53--65},
    numpages = {13},
    url =
    {http://dx.doi.org/10.1016/0377-0427(87)90125-7},
    doi = {10.1016/0377-0427(87)90125-7},
    acmid = {38772},
    publisher = {Elsevier Science Publishers
        B. V.},
    address = {Amsterdam, The Netherlands,
        The Netherlands},
} 

@book{Greenacre2010,
    title={Biplots in Practice},
    author={Greenacre, M.J.},
    isbn={9788492384686},
    year={2010},
    publisher={Fundaci{\'o}n BBVA}
}

@article{Kruskal1964,
    year={1964},
    issn={0033-3123},
    journal={Psychometrika},
    volume={29},
    number={1},
    doi={10.1007/BF02289565},
    title={Multidimensional scaling by optimizing goodness
        of fit to a nonmetric hypothesis},
    url={http://dx.doi.org/10.1007/BF02289565},
    publisher={Springer-Verlag},
    author={Kruskal, J.B.},
    pages={1-27},
    language={English}
}

@article{Gabriel1971,
    author = {Gabriel, K. R.}, 
    title = {The biplot graphic display of matrices with
        application to principal component analysis},
    volume = {58}, 
    number = {3}, 
    pages = {453-467}, 
    year = {1971}, 
    doi = {10.1093/biomet/58.3.453}, 
    URL =
    {http://biomet.oxfordjournals.org/content/58/3/453.abstract}, 
    eprint =
    {http://biomet.oxfordjournals.org/content/58/3/453.full.pdf+html}, 
    journal = {Biometrika} 
}

@INPROCEEDINGS{MacEachren2003, 
    author={MacEachren, A. and Xiping, D. and Hardisty, F. and Diansheng Guo and Lengerich, G.}, 
    booktitle={Information Visualization, 2003. INFOVIS 2003. IEEE Symposium on}, 
    title={Exploring high-D spaces with multiform matrices and small multiples}, 
    year={2003}, 
    pages={31-38}, 
    doi={10.1109/INFVIS.2003.1249006}
}

@INPROCEEDINGS{DOSFA, 
    author={Jing Wang and Peng, W. and Ward, M.O. and Rundensteiner, E.A.}, 
    booktitle={Information Visualization, 2003. INFOVIS 2003. IEEE Symposium on}, title={Interactive hierarchical dimension ordering, spacing and filtering for exploration of high dimensional datasets}, 
    year={2003}, 
    pages={105-112}, 
    doi={10.1109/INFVIS.2003.1249015}
}

@article{InterRing2003,
    author = {Yang, Jing and Ward, Matthew O. and Rundensteiner, Elke A. and Patro, Anilkumar},
    title = {InterRing: a visual interface for navigating and manipulating hierarchies},
    journal = {Information Visualization},
    issue_date = {March 2003},
    volume = {2},
    number = {1},
    month = mar,
    year = {2003},
    issn = {1473-8716},
    pages = {16--30},
    numpages = {15},
    url = {http://dx.doi.org/10.1057/palgrave.ivs.9500035},
    doi = {10.1057/palgrave.ivs.9500035},
    acmid = {944128},
    publisher = {Palgrave Macmillan},
    keywords = {multifocus distortion, radial space-filling hierarchy visualization, structure-based brushing},
} 


@article{Healey1995,
    author = {Healey, Christopher G. and Booth, Kellogg S. and Enns, James T.},
    title = {Visualizing real-time multivariate data using preattentive processing},
    journal = {ACM Trans. Model. Comput. Simul.},
    issue_date = {July 1995},
    volume = {5},
    number = {3},
    month = jul,
    year = {1995},
    issn = {1049-3301},
    pages = {190--221},
    numpages = {32},
    url = {http://doi.acm.org/10.1145/217853.217855},
    doi = {10.1145/217853.217855},
    acmid = {217855},
    publisher = {ACM},
    address = {New York, NY, USA},
    keywords = {boundary detection, cognitive psychology, curvature, hue, human vision, icon, multivariate data, preattentive, scientific visualization, target detection, visual interactive simulation},
} 

@article {State2012,
    author = {Milojević, Staša and Hemminger, Bradley M. and Priem, Jason and Chen, Chaomei and Leydesdorff, Loet and Weingart, Scott B.},
    title = {Information visualization state of the art and future directions},
    journal = {Proceedings of the American Society for Information Science and Technology},
    volume = {49},
    number = {1},
    publisher = {Wiley Subscription Services, Inc., A Wiley Company},
    issn = {1550-8390},
    url = {http://dx.doi.org/10.1002/meet.14504901155},
    doi = {10.1002/meet.14504901155},
    pages = {1--3},
    year = {2012},
}


@book{Card1999,
    editor = {Card, Stuart K. and Mackinlay, Jock D. and Shneiderman, Ben},
    title = {Readings in information visualization: using vision to think},
    year = {1999},
    isbn = {1-55860-533-9},
    publisher = {Morgan Kaufmann Publishers Inc.},
    address = {San Francisco, CA, USA},
}

@article{Amaldi1998,
    title={On the approximability of minimizing nonzero variables or unsatisfied relations in linear systems},
    author={Amaldi, Edoardo and Kann, Viggo},
    journal={Theoretical Computer Science},
    volume={209},
    number={1},
    pages={237--260},
    year={1998},
    publisher={Elsevier}
}

@article{Joshi2007,
    author = {Joshi, Alok a. and James, Scott M. and Meckl, Peter H. and King, Galen B. and Jennings, Kristofer},
    doi = {10.1109/ACC.2007.4282270},
    file = {:D$\backslash$:/Dropbox/references/papers/feature\_selection/Information-Theoretic Feature Selection for Classification - 2007.pdf:pdf},
    isbn = {1-4244-0988-8},
    issn = {0743-1619},
    journal = {2007 American Control Conference},
    month = jul,
    pages = {2000--2005},
    publisher = {Ieee},
    title = {{Information-Theoretic Feature Selection for Classification}},
    url = {http://ieeexplore.ieee.org/lpdocs/epic03/wrapper.htm?arnumber=4282270},
    year = {2007}
}

@article{Nilsson2007,
    author = {Nilsson, Roland and Pe\~{n}a, Jos{\'e} M. and Bj\"{o}rkegren, Johan and Tegn{\'e}r, Jesper},
    title = {Consistent Feature Selection for Pattern Recognition in Polynomial Time},
    journal = {The Journal of Machine Learning Research},
    issue_date = {5/1/2007},
    volume = {8},
    month = may,
    year = {2007},
    issn = {1532-4435},
    pages = {589--612},
    numpages = {24},
    url = {http://dl.acm.org/citation.cfm?id=1248659.1248680},
    acmid = {1248680},
    publisher = {JMLR.org},
} 

@article{Kohavi1997,
    author = {Kohavi, Ron and John, George H.},
    title = {Wrappers for feature subset selection},
    journal = {Artif. Intell.},
    issue_date = {Dec. 1997},
    volume = {97},
    number = {1-2},
    month = dec,
    year = {1997},
    issn = {0004-3702},
    pages = {273--324},
    numpages = {52},
    url = {http://dx.doi.org/10.1016/S0004-3702(97)00043-X},
    doi = {10.1016/S0004-3702(97)00043-X},
    acmid = {270627},
    publisher = {Elsevier Science Publishers Ltd.},
    address = {Essex, UK},
    keywords = {classification, feature seleciton, filter, wrapper},
} 

@InProceedings{Engel2012,
    author =  {Daniel Engel and Lars H{\"u}ttenberger and Bernd Hamann},
    title = {{A Survey of Dimension Reduction Methods for High-dimensional Data Analysis and Visualization}},
    booktitle =   {Visualization of Large and Unstructured Data Sets: Applications in Geospatial Planning, Modeling and Engineering - Proceedings of IRTG 1131 Workshop 2011 },
    pages = {135--149},
    series =  {OpenAccess Series in Informatics (OASIcs)},
    ISBN =  {978-3-939897-46-0},
    ISSN =    {2190-6807},
    year =  {2012},
    volume =  {27},
    editor =    {Christoph Garth and Ariane Middel and Hans Hagen},
    publisher =   {Schloss Dagstuhl--Leibniz-Zentrum fuer Informatik},
    address =   {Dagstuhl, Germany},
    URL =     {http://drops.dagstuhl.de/opus/volltexte/2012/3747},
    URN =       {urn:nbn:de:0030-drops-37475},
    doi =     {http://dx.doi.org/10.4230/OASIcs.VLUDS.2011.135},
    annote =    {Keywords: high-dimensional, multivariate data, dimension reduction, manifold learning}
}

@incollection{Medeiros2011,
    year={2011},
    isbn={978-3-642-23877-2},
    booktitle={Intelligent Data Engineering and Automated Learning - IDEAL 2011},
    volume={6936},
    series={Lecture Notes in Computer Science},
    editor={Yin, Hujun and Wang, Wenjia and Rayward-Smith, Victor},
    doi={10.1007/978-3-642-23878-9_52},
    title={A Comparison of Dimensionality Reduction Methods Using Topology Preservation Indexes},
    url={http://dx.doi.org/10.1007/978-3-642-23878-9_52},
    publisher={Springer Berlin Heidelberg},
    author={Medeiros, ClaudioJ.F. and Costa, JoséAlfredoFerreira and Silva, LeandroA.},
    pages={437-445}
}

@INPROCEEDINGS{Konig2000, 
    author={Konig, A.}, 
    booktitle={Knowledge-Based Intelligent Engineering Systems and Allied Technologies, 2000. Proceedings. Fourth International Conference on}, 
    title={Dimensionality reduction techniques for multivariate data classification, interactive visualization, and analysis-systematic feature selection vs. extraction}, 
    year={2000}, 
    volume={1}, 
    pages={44-55 vol.1}, 
    doi={10.1109/KES.2000.885757},
}

@article{Cristina2003,
    author = {Cristina, Maria and Oliveira, Ferreira De and Levkowitz, Haim and {Ferreira de Oliveira}, Maria Cristina},
    journal = {\ldots and Computer Graphics, \ldots},
    number = {3},
    pages = {378--394},
    title = {{From visual data exploration to visual data mining: A survey}},
    url = {http://ieeexplore.ieee.org/xpls/abs\_all.jsp?arnumber=1207445},
    volume = {9},
    year = {2003}
}

@article{Kaski2011,
    author = {Kaski, Samuel and Peltonen, Jaakko},
    number = {March},
    pages = {100--104},
    title = {{Dimensionality Reduction for Data Visualization}},
    year = {2011}
}

@MISC{WLCG,
    author = {WLCG},
    title = {LHCb Data Collection},
    howpublished = {\url{http://lhcb-public.web.cern.ch/lhcb-public/en/Data\%20Collection/Triggers-en.html}},
    owner = {fatore},
    timestamp = {2012.30.10}
}

@book{Bellman1961,
    address = {Princeton, New Jersey, U.S.A.},
    author = {Bellman, Richard E.},
    booktitle = {Adaptive control processes - A guided tour},
    keywords = {curse, dimensionality},
    pages = {255},
    publisher = {Princeton University Press},
    title = {{Adaptive control processes - A guided tour}},
    year = {1961}
}

@INPROCEEDINGS{Kouiroukidis2011, 
    author={Kouiroukidis, N. and Evangelidis, G.}, 
    booktitle={Informatics (PCI), 2011 15th Panhellenic
        Conference on}, 
    title={The Effects of Dimensionality Curse in High
        Dimensional kNN Search}, 
    year={2011}, 
    pages={41-45}, 
    doi={10.1109/PCI.2011.45},
}

@ARTICLE{Keim2002, 
    author={Keim, D.A.}, 
    journal={Visualization and Computer Graphics, IEEE Transactions on}, 
    title={Information visualization and visual data mining}, 
    year={2002}, 
    volume={8}, 
    number={1}, 
    pages={1-8}, 
    doi={10.1109/2945.981847}, 
    ISSN={1077-2626},
}

@MISC{KDNuggets,
    author = {KDnuggets},
    title = {Software for Data Exploration and Data Mining},
    howpublished = {\url{http://www.kdnuggets.com/siftware.html}},
    timestamp = {2012.04.10}
}

@article{Ngai2009,
    author = {Ngai, E.W.T. and Xiu, Li and Chau, D.C.K.},
    doi = {10.1016/j.eswa.2008.02.021},
    issn = {09574174},
    journal = {Expert Systems with Applications},
    month = mar,
    number = {2},
    pages = {2592--2602},
    publisher = {Elsevier Ltd},
    title = {{Application of data mining techniques in customer relationship management: A literature review and classification}},
    url = {http://linkinghub.elsevier.com/retrieve/pii/S0957417408001243},
    volume = {36},
    year = {2009}
}

@article{Harding2006,
    author = {Harding, J. a. and Shahbaz, M. and Kusiak, a.},
    doi = {10.1115/1.2194554},
    file = {:home/fatore/MAE000969.pdf:pdf},
    issn = {10871357},
    journal = {Journal of Manufacturing Science and Engineering},
    number = {4},
    pages = {969},
    title = {{Data Mining in Manufacturing: A Review}},
    url = {http://link.aip.org/link/JMSEFK/v128/i4/p969/s1\&Agg=doi},
    volume = {128},
    year = {2006}
}

@INPROCEEDINGS{Choo2010, 
    author={Jaegul Choo and Hanseung Lee and Jaeyeon Kihm and Haesun Park}, 
    booktitle={Visual Analytics Science and Technology (VAST), 2010 IEEE Symposium on}, 
    title={iVisClassifier: An interactive visual analytics system for classification based on supervised dimension reduction}, 
    year={2010}, 
    pages={27-34}, 
    doi={10.1109/VAST.2010.5652443}
}

@book{AMSA,
    title={Applied Multivariate Statistical Analysis},
    author={Johnson, R.A. and Wichern, D.W.},
    isbn={9780131877153},
    lccn={2006050673},
    year={2007},
    publisher={Prentice Hall}
}

@article{Johansson2009,
    author = {Johansson, Sara and Johansson, Jimmy},
    title = {Interactive Dimensionality Reduction Through User-defined Combinations of Quality Metrics},
    journal = {IEEE Transactions on Visualization and Computer Graphics},
    issue_date = {November 2009},
    volume = {15},
    number = {6},
    month = nov,
    year = {2009},
    issn = {1077-2626},
    pages = {993--1000},
    numpages = {8},
    url = {http://dx.doi.org/10.1109/TVCG.2009.153},
    doi = {10.1109/TVCG.2009.153},
    acmid = {1639200},
    publisher = {IEEE Educational Activities Department},
    address = {Piscataway, NJ, USA}
} 


@inproceedings{Agrawal1998,
    address = {New York, New York, USA},
    author = {Agrawal, Rakesh and Gehrke, Johannes and Gunopulos, Dimitrios and Raghavan, Prabhakar},
    booktitle = {Proceedings of the 1998 ACM SIGMOD international conference on Management of data - SIGMOD '98},
    doi = {10.1145/276304.276314},
    file = {:home/fatore/p94-agrawal.pdf:pdf},
    isbn = {0897919955},
    pages = {94--105},
    publisher = {ACM Press},
    title = {{Automatic subspace clustering of high dimensional data for data mining applications}},
    url = {http://portal.acm.org/citation.cfm?doid=276304.276314},
    year = {1998}
}

@article{Guyon2003,
    author = {Guyon, Isabelle and Elisseeff, A},
    file = {:home/fatore/.local/share/data/Mendeley Ltd./Mendeley Desktop/Downloaded/Guyon, Elisseeff - 2003 - An introduction to variable and feature selection.pdf:pdf},
    journal = {The Journal of Machine Learning Research},
    pages = {1157--1182},
    title = {{An introduction to variable and feature selection}},
    url = {http://dl.acm.org/citation.cfm?id=944968},
    volume = {3},
    year = {2003}
}

@article{Molina2002,
    author = {Molina, L.C. and Belanche, L. and Nebot, a.},
    doi = {10.1109/ICDM.2002.1183917},
    file = {:home/fatore/.local/share/data/Mendeley Ltd./Mendeley Desktop/Downloaded/Molina, Belanche, Nebot - 2002 - Feature selection algorithms a survey and experimental evaluation.pdf:pdf},
    isbn = {0-7695-1754-4},
    journal = {2002 IEEE International Conference on Data Mining, 2002. Proceedings.},
    pages = {306--313},
    publisher = {IEEE Comput. Soc},
    title = {{Feature selection algorithms: a survey and experimental evaluation}},
    url = {http://ieeexplore.ieee.org/lpdocs/epic03/wrapper.htm?arnumber=1183917},
    year = {2002}
}

@article{Verleysen2005,
    author = {Verleysen, Michel and Fran\c{c}ois, Damien},
    doi = {10.1007/11494669\_93},
    file = {:home/fatore/Downloads/iwann05mv.pdf:pdf},
    journal = {Computational Intelligence and Bioinspired \ldots},
    pages = {758--770},
    title = {{The curse of dimensionality in data mining and time series prediction}},
    url = {http://www.springerlink.com/index/n65tna6vwt3b1pw6.pdf},
    year = {2005}
}

@incollection{Beyer1999,
    year={1999},
    isbn={978-3-540-65452-0},
    booktitle={Database Theory -- ICDT'99},
    volume={1540},
    series={Lecture Notes in Computer Science},
    editor={Beeri, Catriel and Buneman, Peter},
    doi={10.1007/3-540-49257-7_15},
    title={When Is "Nearest Neighbor" Meaningful?},
    url={http://dx.doi.org/10.1007/3-540-49257-7_15},
    publisher={Springer Berlin Heidelberg},
    author={Beyer, Kevin and Goldstein, Jonathan and Ramakrishnan, Raghu and Shaft, Uri},
    pages={217-235},
    language={English}
}

@inproceedings{Blum1988,
    author = {Blum, Avrim and Rivest, Ronald L.},
    title = {Training a 3-node neural network is NP-complete},
    booktitle = {Proceedings of the first annual workshop on Computational learning theory},
    series = {COLT '88},
    year = {1988},
    pages = {9--18},
    numpages = {10},
    url = {http://dl.acm.org/citation.cfm?id=93025.93033},
    acmid = {93033},
    publisher = {Morgan Kaufmann Publishers Inc.},
    address = {San Francisco, CA, USA}
} 

@article{Liu2005,
    author = {Liu, Huan and Member, Senior and Yu, Lei and Member, Student},
    doi = {10.1109/TKDE.2005.66},
    file = {:home/fatore/.local/share/data/Mendeley Ltd./Mendeley Desktop/Downloaded/Liu et al. - 2005 - Toward integrating feature selection algorithms for classification and clustering.pdf:pdf},
    issn = {1041-4347},
    journal = {IEEE Transactions on Knowledge and Data Engineering},
    month = apr,
    number = {4},
    pages = {491--502},
    title = {{Toward integrating feature selection algorithms for classification and clustering}},
    url = {http://ieeexplore.ieee.org/lpdocs/epic03/wrapper.htm?arnumber=1401889},
    volume = {17},
    year = {2005}
}

@article{Pearson1901,
    author = {Pearson, K.},
    citeulike-article-id = {2013414},
    journal = {Philosophical Magazine},
    keywords = {pca},
    number = {6},
    pages = {559--572},
    posted-at = {2007-11-29 10:41:36},
    priority = {2},
    title = {{On lines and planes of closest fit to systems of points in space}},
    volume = {2},
    year = {1901}
}

@incollection{Cox2002,
    year={2008},
    isbn={978-3-540-33036-3},
    booktitle={Handbook of Data Visualization},
    series={Springer Handbooks Comp.Statistics},
    doi={10.1007/978-3-540-33037-0_14},
    title={Multidimensional Scaling},
    url={http://dx.doi.org/10.1007/978-3-540-33037-0_14},
    publisher={Springer Berlin Heidelberg},
    author={Cox, Michael A. A. and Cox, Trevor F.},
    pages={315-347},
    language={English}
}

@inproceedings{Dy2000,
    author = {Dy, Jennifer G. and Brodley, Carla E.},
    title = {Visualization and interactive feature selection for unsupervised data},
    booktitle = {Proceedings of the sixth ACM SIGKDD international conference on Knowledge discovery and data mining},
    series = {KDD '00},
    year = {2000},
    isbn = {1-58113-233-6},
    location = {Boston, Massachusetts, USA},
    pages = {360--364},
    numpages = {5},
    doi = {10.1145/347090.347168},
    acmid = {347168},
    publisher = {ACM},
    address = {New York, NY, USA},
} 

@INPROCEEDINGS{Ingram2010, 
    author={Ingram, S. and Munzner, T. and Irvine, V. and Tory, M. and Bergner, S. and Möller, T.}, 
    booktitle={Visual Analytics Science and Technology (VAST), 2010 IEEE Symposium on}, 
    title={DimStiller: Workflows for dimensional analysis and reduction}, 
    year={2010}, 
    pages={3-10}, 
    doi={10.1109/VAST.2010.5652392}
}

@article{Paiva2012,
    author = {Paiva, Jose Gustavo S. and Schwartz, William Robson and Pedrini, Helio and Minghim, Rosane},
    title = {Semi-Supervised Dimensionality Reduction based on Partial Least Squares for Visual Analysis of High Dimensional Data},
    journal = {Computer Graphics Forum},
    issue_date = {June 2012},
    volume = {31},
    number = {3pt4},
    month = jun,
    year = {2012},
    issn = {0167-7055},
    pages = {1345--1354},
    numpages = {10},
    url = {http://dx.doi.org/10.1111/j.1467-8659.2012.03126.x},
    doi = {10.1111/j.1467-8659.2012.03126.x},
    acmid = {2325248},
    publisher = {John Wiley \& Sons, Inc.},
    address = {New York, NY, USA},
    keywords = {I.3.3 [Computer Graphics]: Picture/Image Generation\&\#x2014;Display algorithms},
} 

@INPROCEEDINGS{Artero2006, 
    author={Artero, A.O. and de Oliveira, M.C.F. and Levkowitz, H.}, 
    booktitle={Information Visualization, 2006. IV 2006. Tenth International Conference on}, 
    title={Enhanced High Dimensional Data Visualization through Dimension Reduction and Attribute Arrangement}, 
    year={2006}, 
    pages={707-712}, 
    doi={10.1109/IV.2006.49}, 
    ISSN={1550-6037},
}

@book{Joll2002,
    author = {Jolliffe, I. T.},
    edition = {Second},
    howpublished = {Hardcover},
    isbn = {0387954422},
    month = oct,
    publisher = {Springer},
    title = {{Principal Component Analysis}},
    year = {2002}
}

@article{Jeong2009,
    author = {Jeong, Dong Hyun and Ziemkiewicz, Caroline and Fisher, Brian and Ribarsky, William and Chang, Remco},
    doi = {10.1111/j.1467-8659.2009.01475.x},
    file = {:home/fatore/.local/share/data/Mendeley Ltd./Mendeley Desktop/Downloaded/Jeong et al. - 2009 - iPCA An Interactive System for PCA-based Visual Analytics.pdf:pdf},
    issn = {01677055},
    journal = {Computer Graphics Forum},
    month = jun,
    number = {3},
    pages = {767--774},
    title = {{iPCA: An Interactive System for PCA-based Visual Analytics}},
    url = {http://doi.wiley.com/10.1111/j.1467-8659.2009.01475.x},
    volume = {28},
    year = {2009}
}

@TECHREPORT{Fodor2002,
    author = {Imola Fodor},
    title = {A Survey of Dimension Reduction Techniques},
    institution = {Lawrence Livermore National Lab., CA (US)},
    year = {2002}
}

@book{Thomas2005,
    address = {Los Alametos, CA},
    citeulike-article-id = {609148},
    citeulike-linkout-0 = {http://nvac.pnl.gov/agenda.stm},
    editor = {Thomas, James J. and Cook, Kristin A.},
    keywords = {597b, geovisualization},
    posted-at = {2006-05-01 16:34:00},
    priority = {0},
    publisher = {IEEE Computer Society},
    title = {{I}lluminating the {P}ath: {T}he {R}esearch and {D}evelopment {A}genda for {V}isual {A}nalytics},
    url = {http://nvac.pnl.gov/agenda.stm},
    year = {2005}
}

@inproceedings{Brandoli2010,
    author = {Brandoli, Bruno and Eler, Danilo and Paulovich, Fernando and Minghim, Rosane and Batista, Joao},
    title = {Visual Data Exploration to Feature Space Definition},
    booktitle = {Proceedings of the 2010 23rd SIBGRAPI Conference on Graphics, Patterns and Images},
    series = {SIBGRAPI '10},
    year = {2010},
    isbn = {978-0-7695-4230-0},
    pages = {32--39},
    numpages = {8},
    url = {http://dx.doi.org/10.1109/SIBGRAPI.2010.13},
    doi = {10.1109/SIBGRAPI.2010.13},
    acmid = {1936202},
    publisher = {IEEE Computer Society},
    address = {Washington, DC, USA},
    keywords = {Visual Feature Space Analysis, Feature Space Visualization, Feature Space Evaluation, Visual Exploration},
} 

@ARTICLE{Matkovic2008, 
    author={Matkovic, K. and Gracanin, D. and Jelovic, M. and Hauser, H.}, 
    journal={Visualization and Computer Graphics, IEEE Transactions on}, 
    title={Interactive Visual Steering - Rapid Visual Prototyping of a Common Rail Injection System}, 
    year={2008}, 
    volume={14}, 
    number={6}, 
    pages={1699-1706}, 
    doi={10.1109/TVCG.2008.145}, 
    ISSN={1077-2626},
}

@inproceedings{Tweedie1996,
    author = {Tweedie, Lisa and Spence, Robert and Dawkes, Huw and Su, Hus},
    title = {Externalising abstract mathematical models},
    booktitle = {Proceedings of the SIGCHI Conference on Human Factors in Computing Systems},
    series = {CHI '96},
    year = {1996},
    isbn = {0-89791-777-4},
    location = {Vancouver, British Columbia, Canada},
    pages = {406--ff.},
    url = {http://doi.acm.org/10.1145/238386.238587},
    doi = {10.1145/238386.238587},
    acmid = {238587},
    publisher = {ACM},
    address = {New York, NY, USA},
    keywords = {interactive graphics, visualization},
} 

@INPROCEEDINGS{Di2007, 
    author={Di Yang and Rundensteiner, E.A. and Ward, M.O.}, 
    booktitle={Visual Analytics Science and Technology, 2007. VAST 2007. IEEE Symposium on}, 
    title={Analysis Guided Visual Exploration of Multivariate Data}, 
    year={2007}, 
    pages={83-90}, 
    doi={10.1109/VAST.2007.4389000},
}

@INPROCEEDINGS{Savikhin2008, 
    author={Savikhin, A. and Maciejewski, R. and Ebert, D.S.}, 
    booktitle={Visual Analytics Science and Technology, 2008. VAST '08. IEEE Symposium on}, 
    title={Applied visual analytics for economic decision-making}, 
    year={2008}, 
    pages={107-114}, 
    doi={10.1109/VAST.2008.4677363},
}

@INPROCEEDINGS{Eun2007, 
    author={Eun Ju Nam and Han, Y. and Mueller, K. and Zelenyuk, A. and Imre, D.}, 
    booktitle={Visual Analytics Science and Technology, 2007. VAST 2007. IEEE Symposium on}, 
    title={ClusterSculptor: A Visual Analytics Tool for High-Dimensional Data}, 
    year={2007}, 
    pages={75-82}, 
    doi={10.1109/VAST.2007.4388999},
}

@INPROCEEDINGS{Schreck2008, 
    author={Schreck, T. and Bernard, J. and Tekusova, T. and Kohlhammer, J.}, 
    booktitle={Visual Analytics Science and Technology, 2008. VAST '08. IEEE Symposium on}, 
    title={Visual cluster analysis of trajectory data with interactive Kohonen Maps}, 
    year={2008}, 
    pages={3-10}, 
    doi={10.1109/VAST.2008.4677350},
}

@INPROCEEDINGS{Guo2009, 
    author={Zhenyu Guo and Ward, M.O. and Rundensteiner, E.A.}, 
    booktitle={Visual Analytics Science and Technology, 2009. VAST 2009. IEEE Symposium on}, 
    title={Model space visualization for multivariate linear trend discovery}, 
    year={2009}, 
    pages={75-82}, 
    doi={10.1109/VAST.2009.5333431},
}

@ARTICLE{Weber2007, 
    author={Weber, G.H. and Bremer, P.-T. and Pascucci, V.}, 
    journal={Visualization and Computer Graphics, IEEE Transactions on}, 
    title={Topological Landscapes: A Terrain Metaphor for Scientific Data}, 
    year={2007}, 
    volume={13}, 
    number={6}, 
    pages={1416-1423}, 
    doi={10.1109/TVCG.2007.70601}, 
    ISSN={1077-2626},
}


@inproceedings{Gladys2013,
    author = {Gladys M. H. Mamani and Francisco M. Fatore
        and Luis G. Nonato and Fernando V. Paulovich},
    title={User-driven Feature Space Transformation}, 
    year = {2013},
    publisher = {Eurographics Association},
}

@INPROCEEDINGS{Jayaraman2002, 
    author={Jayaraman, S. and North, C.}, 
    booktitle={Visualization, 2002. VIS 2002. IEEE}, 
    title={A radial focus+context visualization for multi-dimensional functions}, 
    year={2002}, 
    pages={443-450}, 
    doi={10.1109/VISUAL.2002.1183806},
}

@inproceedings{Berger2011,
    author = {Berger, W. and Piringer, H. and Filzmoser, P. and Gr\"{o}ller, E.},
    title = {Uncertainty-aware exploration of continuous parameter spaces using multivariate prediction},
    booktitle = {Proceedings of the 13th Eurographics / IEEE - VGTC conference on Visualization},
    series = {EuroVis'11},
    year = {2011},
    location = {Bergen, Norway},
    pages = {911--920},
    numpages = {10},
    url = {http://dx.doi.org/10.1111/j.1467-8659.2011.01940.x},
    doi = {10.1111/j.1467-8659.2011.01940.x},
    acmid = {2421991},
    publisher = {Eurographics Association},
    address = {Aire-la-Ville, Switzerland, Switzerland},
}

@article{May2011,
    author = {May, Thorsten and Bannach, Andreas and Davey, James and Ruppert, Tobias and Kohlhammer, Jorn},
    doi = {10.1109/VAST.2011.6102448},
    file = {:home/fatore/Downloads/06102448.pdf:pdf},
    isbn = {978-1-4673-0014-8},
    journal = {2011 IEEE Conference on Visual Analytics Science and Technology (VAST)},
    month = oct,
    pages = {111--120},
    publisher = {Ieee},
    title = {{Guiding feature subset selection with an interactive visualization}},
    url = {http://ieeexplore.ieee.org/lpdocs/epic03/wrapper.htm?arnumber=6102448},
    year = {2011}
}

@article{May2011ss,
    author = {May, T and Davey, J and Ruppert, T},
    doi = {10.2312/PE/EuroVAST/EuroVA11/013-016},
    journal = {International Workshop on Visual Analytics (EuroVA)},
    pages = {13--16},
    title = {{SmartStripes-Looking under the Hood of Feature Subset Selection Methods}},
    year = {2011}
}

@INPROCEEDINGS{Yang2004, 
    author={Jing Yang and Anilkumar Patro and Huang Shiping and Nishant Mehta and Ward, M.O. and Rundensteiner, E.A.}, 
    booktitle={Information Visualization, 2004. INFOVIS 2004. IEEE Symposium on}, 
    title={Value and Relation Display for Interactive Exploration of High Dimensional Datasets}, 
    year={2004}, 
    pages={73-80}, 
    doi={10.1109/INFVIS.2004.71}, 
    ISSN={1522-404X},
}

@article{Gabor2007, 
    title = {Measuring and Testing Dependence by Correlation of Distances}, 
    author = {Székely, Gábor J. and Rizzo, Maria L. and Bakirov, Nail K.}, 
    journal = {The Annals of Statistics}, 
    volume = {35}, 
    number = {6},
    pages = {pp.  2769-2794}, 
    ISSN = {00905364}, 
}

@article {Fisher1936,
    author = {Fisher, R. A.},
    title = {The Use of Multiple Measurements in Taxonomic
        Problems},
    journal = {Annals of Eugenics},
    volume = {7},
    number = {2},
    publisher = {Blackwell Publishing Ltd},
    issn = {2050-1439},
    doi = {10.1111/j.1469-1809.1936.tb02137.x},
    pages = {179--188},
    year = {1936},
}


@article{Rodgers1988,
    title = {Thirteen Ways to Look at the Correlation Coefficient}, 
    author = {Rodgers, Joseph Lee and Nicewander, W. Alan}, 
    journal = {The American Statistician}, jstor_issuetitle = {}, 
    volume = {42}, 
    number = {1}, 
    language = {English}, 
    year = {1988},
    publisher = {American Statistical Association},
    copyright = {Copyright © 1988 American Statistical Association} 
}

@ARTICLE{Turkay2011, 
    author={Turkay, C. and Filzmoser, P. and Hauser, H.}, 
    journal={Visualization and Computer Graphics, IEEE Transactions on}, 
    title={Brushing Dimensions - A Dual Visual Analysis Model for High-Dimensional Data}, 
    year={2011}, 
    volume={17}, 
    number={12}, 
    pages={2591-2599}, 
    doi={10.1109/TVCG.2011.178}, 
    ISSN={1077-2626},
}

@INPROCEEDINGS{RBF2004, 
    author={Seo, J. and Shneiderman, B.}, 
    booktitle={Information Visualization, 2004. INFOVIS 2004. IEEE Symposium on}, title={A Rank-by-Feature Framework for Unsupervised Multidimensional Data Exploration Using Low Dimensional Projections}, 
    year={2004}, 
    pages={65-72}, 
    doi={10.1109/INFVIS.2004.3}, 
    ISSN={1522-404X}
}

@ARTICLE{Yang2007, 
    author={Yang, J. and Hubball, D. and Ward, M.O. and Rundensteiner, E.A. and Ribarsky, W.}, 
    journal={Visualization and Computer Graphics, IEEE Transactions on}, 
    title={Value and Relation Display: Interactive Visual Exploration of Large Data Sets with Hundreds of Dimensions}, 
    year={2007}, 
    volume={13}, 
    number={3}, 
    pages={494-507}, 
    doi={10.1109/TVCG.2007.1010}, 
    ISSN={1077-2626},}

@INPROCEEDINGS{Williams2004, 
    author={Williams, M. and Munzner, T.}, 
    booktitle={Information Visualization, 2004. INFOVIS 2004. IEEE Symposium on}, 
    title={Steerable, Progressive Multidimensional Scaling}, 
    year={2004}, 
    pages={57-64}, 
    doi={10.1109/INFVIS.2004.60}, 
    ISSN={1522-404X},
}

@INPROCEEDINGS{Zhang2006, 
    author={Jianting Zhang and Gruenwald, L.}, 
    booktitle={Data Mining, 2006. ICDM '06. Sixth International Conference on}, 
    title={Opening the Black Box of Feature Extraction: Incorporating Visualization into High-Dimensional Data Mining Processes}, 
    year={2006}, 
    pages={1188-1192}, 
    doi={10.1109/ICDM.2006.121}, 
    ISSN={1550-4786},
}

@article{PC1990,
    jstor_articletype = {research-article},
    title = {Hyperdimensional Data Analysis Using Parallel Coordinates},
    author = {Wegman, Edward J.},
    journal = {Journal of the American Statistical Association},
    jstor_issuetitle = {},
    volume = {85},
    number = {411},
    jstor_formatteddate = {Sep., 1990},
    pages = {pp. 664-675},
    url = {http://www.jstor.org/stable/2290001},
    ISSN = {01621459},
    language = {English},
    year = {1990},
    publisher = {American Statistical Association},
    copyright = {Copyright © 1990 American Statistical Association},
}

@article{Heinrich2009,
    author = {Heinrich, Julian and Weiskopf, Daniel},
    title = {Continuous Parallel Coordinates},
    journal = {IEEE Transactions on Visualization and Computer Graphics},
    issue_date = {November 2009},
    volume = {15},
    number = {6},
    month = nov,
    year = {2009},
    issn = {1077-2626},
    pages = {1531--1538},
    numpages = {8},
    url = {http://dx.doi.org/10.1109/TVCG.2009.131},
    doi = {10.1109/TVCG.2009.131},
    acmid = {1639151},
    publisher = {IEEE Educational Activities Department},
    address = {Piscataway, NJ, USA},
    keywords = {Parallel coordinates, Parallel coordinates, integrating spatial and non-spatial datavisualization, multi-variate visualization, interpolation, integrating spatial and non-spatial datavisualization, interpolation, multi-variate visualization},
} 

@INPROCEEDINGS{Kandogan00,
    author = {Eser Kandogan},
    title = {Star Coordinates: A Multi-dimensional Visualization Technique with Uniform Treatment of Dimensions},
    booktitle = {In Proceedings of the IEEE Information Visualization Symposium, Late Breaking Hot Topics},
    year = {2000},
    pages = {9--12}
}

@inproceedings{Yang2003,
    author = {Yang, J. and Ward, M. O. and Rundensteiner, E. A. and Huang, S.},
    title = {Visual hierarchical dimension reduction for exploration of high dimensional datasets},
    booktitle = {Proceedings of the symposium on Data visualisation 2003},
    series = {VISSYM '03},
    year = {2003},
    isbn = {1-58113-698-6},
    location = {Grenoble, France},
    pages = {19--28},
    numpages = {10},
    url = {http://dl.acm.org/citation.cfm?id=769922.769924},
    acmid = {769924},
    publisher = {Eurographics Association},
    address = {Aire-la-Ville, Switzerland, Switzerland},
} 

@article{Wold1987,
    author = {Wold, Svante and Esbensen, Kim and Geladi, Paul},
    doi = {10.1016/0169-7439(87)80084-9},
    file = {:home/fatore/.local/share/data/Mendeley Ltd./Mendeley Desktop/Downloaded/Wold, Esbensen, Geladi - 1987 - Principal component analysis.pdf:pdf},
    issn = {01697439},
    journal = {Chemometrics and Intelligent Laboratory Systems},
    month = aug,
    number = {1-3},
    pages = {37--52},
    title = {{Principal component analysis}},
    url = {http://linkinghub.elsevier.com/retrieve/pii/0169743987800849},
    volume = {2},
    year = {1987}
}

@article{Becker1987,
    author = {Becker, RA and Cleveland, WS},
    file = {:home/fatore/Downloads/1269768.pdf:pdf},
    journal = {Technometrics},
    number = {2},
    pages = {127--142},
    title = {{Brushing scatterplots}},
    url = {http://amstat.tandfonline.com/doi/abs/10.1080/00401706.1987.10488204},
    volume = {29},
    year = {1987},
}

@article{Mead1992,
    author = {Mead, A},
    file = {:home/fatore/Dropbox/papers/Review of the development of multidimensional scaling methods - 1992.pdf:pdf},
    journal = {The Statistician},
    number = {1},
    pages = {27--39},
    title = {{Review of the development of multidimensional scaling methods}},
    url = {http://www.jstor.org/stable/10.2307/2348634},
    volume = {41},
    year = {1992},
}

@article{Kohonen1990,
    author = {Kohonen, T.},
    doi = {10.1109/5.58325},
    file = {:home/fatore/Dropbox/papers/The self-organizing map - 1990.pdf:pdf},
    issn = {00189219},
    journal = {Proceedings of the IEEE},
    number = {9},
    pages = {1464--1480},
    title = {{The self-organizing map}},
    url = {http://ieeexplore.ieee.org/lpdocs/epic03/wrapper.htm?arnumber=58325},
    volume = {78},
    year = {1990}
}

@article{Guo2003,
    author = {Guo, Diansheng},
    doi = {10.1057/palgrave.ivs.9500053},
    issn = {1473-8716},
    journal = {Information Visualization},
    keywords = {data mining and knowledge,discovery,entropy,feature selection,hierarchical clustering,interactive visualization,mutual information},
    month = dec,
    number = {4},
    pages = {232--246},
    title = {{Coordinating computational and visual approaches for interactive feature selection and multivariate clustering}},
    url = {http://ivi.sagepub.com/lookup/doi/10.1057/palgrave.ivs.9500053},
    volume = {2},
    year = {2003}
}

@inproceedings{Ward2003,
    author = {Ward, M.O. and Rundensteiner, E.A.},
    booktitle = {IEEE Symposium on Information Visualization 2003 (IEEE Cat. No.03TH8714)},
    doi = {10.1109/INFVIS.2003.1249015},
    file = {:home/fatore/Dropbox/papers/Interactive hierarchical dimension ordering, spacing and filtering for exploration of high dimensional datasets - 2003.pdf:pdf},
    isbn = {0-7803-8154-8},
    keywords = {dimension,dimension ordering,dimension spacing,filtering,high dimensional datasets,multidimensional visualization},
    pages = {105--112},
    publisher = {IEEE},
    title = {{Interactive hierarchical dimension ordering, spacing and filtering for exploration of high dimensional datasets}},
    url = {http://ieeexplore.ieee.org/lpdocs/epic03/wrapper.htm?arnumber=1249015},
    volume = {2003},
    year = {2003}
}

@article{Friendly2002,
    author = {Friendly, Michael},
    doi = {10.2307/3087354},
    issn = {00031305},
    journal = {The American Statistician},
    number = {4},
    pages = {316--324},
    posted-at = {2011-01-11 14:57:37},
    priority = {2},
    publisher = {American Statistical Association},
    title = {{Corrgrams: Exploratory Displays for Correlation Matrices}},
    url = {http://dx.doi.org/10.2307/3087354},
    volume = {56},
    year = {2002}
}

@inproceedings{Ankerst1998,
    author = {Ankerst, Mihael and Berchtold, Stefan and Keim, D.A.},
    booktitle = {Proceedings IEEE Symposium on Information Visualization (Cat. No.98TB100258)},
    doi = {10.1109/INFVIS.1998.729559},
    isbn = {0-8186-9093-3},
    pages = {52--60,},
    publisher = {IEEE Comput. Soc},
    title = {{Similarity clustering of dimensions for an enhanced visualization of multidimensional data}},
    url = {http://ieeexplore.ieee.org/lpdocs/epic03/wrapper.htm?arnumber=729559},
    year = {1998}
}

@ARTICLE{Sammon1969, 
    author={Sammon, J.W.}, 
    journal={Computers, IEEE Transactions on}, 
    title={A Nonlinear Mapping for Data Structure Analysis}, 
    year={1969}, 
    volume={C-18}, 
    number={5}, 
    pages={401-409}, 
    doi={10.1109/T-C.1969.222678}, 
    ISSN={0018-9340}
}

@article{Maaten2009,
    title={Dimensionality reduction: A comparative review},
    author={Van der Maaten, LJP and Postma, EO and Van den Herik, HJ},
    journal={Technical Report TiCC TR 2009-005},
    year={2009}
}

@ARTICLE{Cover1967, 
    author={Cover, T. and Hart, P.}, 
    journal={Information Theory, IEEE Transactions on}, 
    title={Nearest neighbor pattern classification}, 
    year={1967}, 
    volume={13}, 
    number={1}, 
    pages={21-27}, 
    keywords={Pattern classification}, 
    doi={10.1109/TIT.1967.1053964}, 
    ISSN={0018-9448}
}

@ARTICLE{Sanguinetti2008, 
    author={Sanguinetti, G.}, 
    journal={Pattern Analysis and Machine Intelligence, IEEE
        Transactions on}, 
    title={Dimensionality Reduction of Clustered Data Sets}, 
    year={2008}, 
    volume={30}, 
    number={3}, 
    pages={535-540}, 
    doi={10.1109/TPAMI.2007.70819}, 
    ISSN={0162-8828}
}

@book{Dill2012,
    title={Expanding the Frontiers of Visual Analytics and
        Visualization},
    author={Dill, J. and Earnshaw, R. and Kasik, D. and
        Vince, J. and Wong, P.C.},
    isbn={9781447128038},
    lccn={2012936987},
    url={http://books.google.com.br/books?id=r4mbtgAACAAJ},
    year={2012},
    publisher={Springer}
}


@book{Fukunaga1990,
    author = {Fukunaga, Keinosuke},
    title = {Introduction to statistical pattern recognition (2nd ed.)},
    year = {1990},
    isbn = {0-12-269851-7},
    publisher = {Academic Press Professional, Inc.},
    address = {San Diego, CA, USA},
} 

@INPROCEEDINGS{Yang2002, 
    author={Jing Yang and Ward, M.O. and Rundensteiner,
        E.A.}, 
    booktitle={Information Visualization, 2002. INFOVIS
        2002. IEEE Symposium on}, 
    title={InterRing: an interactive tool for visually
        navigating and manipulating hierarchical
            structures}, 
    year={2002}, 
    pages={77-84}, 
    doi={10.1109/INFVIS.2002.1173151}, 
    ISSN={1522-404X},}

@ARTICLE{Pudil1998, 
    author={Pudil, P. and Hovovicova, J.}, 
    journal={Intelligent Systems and their Applications,
        IEEE}, 
    title={Novel methods for subset selection with respect
        to problem knowledge}, 
    year={1998}, 
    volume={13}, 
    number={2}, 
    pages={66-74}, 
    doi={10.1109/5254.671094}, 
    ISSN={1094-7167},
}

@article{Reshef2011,
    author = {Reshef, David N. and Reshef, Yakir A. and Finucane, Hilary K. and Grossman, Sharon R. and McVean, Gilean and Turnbaugh, Peter J. and Lander, Eric S. and Mitzenmacher, Michael and Sabeti, Pardis C.}, 
    title = {Detecting Novel Associations in Large Data Sets},
    volume = {334}, 
    number = {6062}, 
    pages = {1518-1524}, 
    year = {2011}, 
    doi = {10.1126/science.1205438}, 
    URL = {http://www.sciencemag.org/content/334/6062/1518.abstract}, 
    journal = {Science} 
}

@BOOK{Friedman2001,
    AUTHOR = {Hastie, Trevor and Tibshirani, Robert and Friedman, J. H.},
    TITLE = {The elements of statistical learning: data mining, inference, and prediction: with 200 full-color illustrations},
    YEAR = {2001},
    PAGES = {533},
    PUBLISHER = {New York: Springer-Verlag}
}

@article{Reny1959,
    year={1959},
    issn={0001-5954},
    journal={Acta Mathematica Academiae Scientiarum Hungarica},
    volume={10},
    issue={3-4},
    doi={10.1007/BF02024507},
    title={On measures of dependence},
    url={http://dx.doi.org/10.1007/BF02024507},
    publisher={Kluwer Academic Publishers},
    author={Rényi, A.},
    pages={441-451},
    language={English}
}

@article{Breiman1985,
    author = {Breiman, Leo and Friedman, Jerome H.},
    title = {Estimating Optimal Transformations for Multiple Regression and Correlation},
    journal = {Journal of the American Statistical Association},
    volume = {80},
    number = {391},
    pages = {580-598},
    year = {1985},
    doi = {10.1080/01621459.1985.10478157},
    URL = {http://www.tandfonline.com/doi/abs/10.1080/01621459.1985.10478157},
}


@article{Cleveland1988,
    author = {Cleveland, William S. and Devlin, Susan J.},
    title = {Locally Weighted Regression: An Approach to Regression Analysis by Local Fitting},
    journal = {Journal of the American Statistical Association},
    volume = {83},
    number = {403},
    pages = {596-610},
    year = {1988},
    doi = {10.1080/01621459.1988.10478639},
    URL = {http://www.tandfonline.com/doi/abs/10.1080/01621459.1988.10478639},
}

@article{Stone1977,
    author = {Stone, Charles J.},
    doi = {10.1214/aos/1176343886},
    issn = {0090-5364},
    journal = {The Annals of Statistics},
    month = jul,
    number = {4},
    pages = {595--620},
    title = {{Consistent Nonparametric Regression}},
    url = {http://projecteuclid.org/euclid.aos/1176343886},
    volume = {5},
    year = {1977},
}

@article{Hastie1989,
    author = {Hastie, Trevor and Stuetzle, Werner},
    title = {Principal Curves},
    journal = {Journal of the American Statistical Association},
    volume = {84},
    number = {406},
    pages = {502-516},
    year = {1989},
    doi = {10.1080/01621459.1989.10478797},
    URL = {http://www.tandfonline.com/doi/abs/10.1080/01621459.1989.10478797},
}

@article{Tibshirani1992,
    author = {Tibshirani, Robert},
    doi = {10.1007/BF01889678},
    issn = {0960-3174},
    journal = {Statistics and Computing},
    keywords = {em algorithm,principal curves},
    month = dec,
    number = {4},
    pages = {183--190},
    title = {{Principal curves revisited}},
    url = {http://link.springer.com/10.1007/BF01889678},
    volume = {2opyright 2010-2011 Wincent Colaiuta. All
        rights reserved.},
    year = {1992},
}

@article{Delicado2008,
    author = {Delicado, Pedro and Smrekar, Marcelo},
    doi = {10.1007/s11222-008-9090-y},
    file = {:D$\backslash$:/Dropbox/papers/Measuring non-linear dependence for two random variables distributed along a curve - 2009.pdf:pdf},
    issn = {0960-3174},
    journal = {Statistics and Computing},
    keywords = {dependence measures,independence tests,linearity tests,of variables,principal curves,r\'{e}nyi,s axioms,similarity measures for pairs},
    month = sep,
    number = {3},
    pages = {255--269},
    title = {{Measuring non-linear dependence for two random variables distributed along a curve}},
    url = {http://www.springerlink.com/index/10.1007/s11222-008-9090-y},
    volume = {19},
    year = {2008},
}

@article{Kosorok2009,
    author = {Kosorok, Michael R},
    doi = {10.1214/09-AOAS312},
    issn = {1932-6157},
    journal = {The annals of applied statistics},
    month = jan,
    number = {4},
    pages = {1266--1269},
    pmid = {20574547},
    title = {{On Brownian Distance Covariance and High Dimensional Data.}},
    url = {http://www.pubmedcentral.nih.gov/articlerender.fcgi?artid=2889501\&tool=pmcentrez\&rendertype=abstract},
    volume = {3},
    year = {2009},
}
